@article{biamonte,
  title={Quantum machine learning},
  author={Biamonte, Jacob and Wittek, Peter and Pancotti, Nicola and Rebentrost, Patrick and Wiebe, Nathan and Lloyd, Seth},
  journal={Nature},
  volume={549},
  number={7671},
  pages={195--202},
  year={2017},
  publisher={Nature Publishing Group}
}

@article{schuld,
  title={An introduction to quantum machine learning},
  author={Schuld, Maria and Sinayskiy, Ilya and Petruccione, Francesco},
  journal={Contemporary Physics},
  volume={56},
  number={2},
  pages={172--185},
  year={2015},
  publisher={Taylor \& Francis}
}
